@article{Harshe2023exoskeleton,
  author={Harshe, Karl and Williams, Jack R. and Hocking, Toby D. and Lerner, Zachary F.},
  journal={IEEE Robotics and Automation Letters}, 
  publisher={IEEE},
  title={Predicting Neuromuscular Engagement to Improve Gait Training With a Robotic Ankle Exoskeleton}, 
  year={2023},
  volume={8},
  number={8},
  links={[Publisher](https://ieeexplore.ieee.org/document/10172008)},
  pages={5055-5060},
  keywords={Recruitment;Legged locomotion;Immune system;Training;Exoskeletons;Biological control systems;Robots;Exoskeletons;deep learning methods;physical human-robot interaction;wearable robotics},
  doi={10.1109/LRA.2023.3291919}}

@INPROCEEDINGS{Sweeney2023insect,
  author={Sweeney, Nathaniel and Xu, Caroline and Shaw, Joseph A. and Hocking, Toby D. and Whitaker, Bradley M.},
  booktitle={2023 Intermountain Engineering, Technology and Computing (IETC)}, 
  title={Insect Identification in Pulsed Lidar Images Using Changepoint Detection Algorithms}, 
  year={2023},
  pages={93-97},
  links={[Publisher](https://ieeexplore.ieee.org/abstract/document/10152205)},
  doi={10.1109/IETC57902.2023.10152205}}

@article{Barnwal2022jcgs,
author = {Avinash Barnwal and Hyunsu Cho and Toby Hocking},
title = {Survival Regression with Accelerated Failure Time Model in XGBoost},
journal = {Journal of Computational and Graphical Statistics},
volume = {31},
number = {4},
pages = {1292--1302},
year = {2022},
publisher = {ASA Website},
links={[Publisher](https://www.tandfonline.com/doi/full/10.1080/10618600.2022.2067548), [Preprint](https://arxiv.org/abs/2006.04920), [Software](https://github.com/dmlc/xgboost), [Documentation](https://xgboost.readthedocs.io/en/latest/tutorials/aft_survival_analysis.html), [Video](https://www.youtube.com/watch?v=HuWRnzgGuIo), [Reproducible](https://github.com/avinashbarnwal/aftXgboostPaper/)},
doi = {10.1080/10618600.2022.2067548}
}

@article{Chaves2022chatbot,
author = {Chaves, Ana Paula and Egbert, Jesse and Hocking, Toby and Doerry, Eck and Gerosa, Marco Aurelio},
title = {Chatbots Language Design: The Influence of Language Variation on User Experience with Tourist Assistant Chatbots},
year = {2022},
issue_date = {April 2022},
publisher = {Association for Computing Machinery},
address = {New York, NY, USA},
volume = {29},
number = {2},
issn = {1073-0516},
doi = {10.1145/3487193},
journal = {ACM Trans. Comput.-Hum. Interact.},
month = {jan},
articleno = {13},
numpages = {38},
links={[Publisher](https://dl.acm.org/doi/10.1145/3487193), [Preprint](https://arxiv.org/abs/2101.11089)},
keywords = {Chatbots, language design, conversational agents, user perceptions, register}
}

@inproceedings{barr2022classifying,
  title={Classifying Imbalanced Data with AUM Loss},
  author={Barr, Joseph R and Hocking, Toby D and Morton, Garinn and Thatcher, Tyler and Shaw, Peter},
  booktitle={2022 Fourth International Conference on Transdisciplinary AI (TransAI)},
  pages={135--141},
  year={2022},
  links={[Publisher](https://ieeexplore.ieee.org/document/9951523)},
  organization={IEEE}
}

@inproceedings{hocking2022interpretable,
  title={Interpretable linear models for predicting security vulnerabilities in source code},
  author={Hocking, Toby D and Barr, Joseph R and Thatcher, Tyler},
  booktitle={2022 Fourth International Conference on Transdisciplinary AI (TransAI)},
  pages={149--155},
  year={2022},
  links={[Publisher](https://ieeexplore.ieee.org/document/9951610/)},
  organization={IEEE}
}

@inproceedings{barr2022graph,
  title={Graph embedding: A methodological survey},
  author={Barr, Joseph R and Shaw, Peter and Abu-Khzam, Faisal N and Thatcher, Tyler and Hocking, Toby Dylan},
  booktitle={2022 fourth international conference on transdisciplinary AI (TransAI)},
  pages={142--148},
  year={2022},
  links={[Publisher](https://ieeexplore.ieee.org/document/9951469/)},
  organization={IEEE}
}

@article{Vargovich2022breakpoints,
author = {Joseph Vargovich and Toby Dylan Hocking},
title = {Linear time dynamic programming for computing breakpoints in the regularization path of models selected from a finite set},
journal = {Journal of Computational and Graphical Statistics},
volume = {31},
number = {2},
pages = {313--323},
year  = {2022},
publisher = {Taylor & Francis},
links={[Publisher](https://amstat.tandfonline.com/doi/full/10.1080/10618600.2021.2000422), [Preprint](https://arxiv.org/abs/2003.02808), [Software](https://github.com/tdhock/penaltyLearning), [Reproducible](https://github.com/tdhock/changepoint-data-structure#source-code-for-figures-in-paper)},
doi = {10.1080/10618600.2021.2000422}
}

@INPROCEEDINGS{Kolla2021fuzz,
  author={Kolla, Akhila Chowdary and Groce, Alex and Hocking, Toby Dylan},
  booktitle={2021 IEEE 32nd International Symposium on Software Reliability Engineering (ISSRE)}, 
  title={Fuzz Testing the Compiled Code in R Packages}, 
  year={2021},
  pages={300-308},
  links={[Publisher](https://ieeexplore.ieee.org/document/9700272), [Software](https://github.com/akhikolla/RcppDeepState), [GitHub Action](https://github.com/FabrizioSandri/RcppDeepState-action), [Abstract](https://www.conftool.org/user2021/index.php?page=browseSessions&form_session=9#paperID123), [Video](https://www.youtube.com/watch?v=LXyruwSo2K0&t=245s), [Blog](https://akhikolla.github.io), [Results](https://akhikolla.github.io/packages-folders/)},
  doi={10.1109/ISSRE52982.2021.00040}}

@INPROCEEDINGS{Fotoohinasab2020automaticQRSdetectionAsilomar,
  author={Fotoohinasab, Atiyeh and Hocking, Toby and Afghah, Fatemeh},
  booktitle={2020 54th Asilomar Conference on Signals, Systems, and Computers}, 
  title={A Graph-Constrained Changepoint Learning Approach for Automatic QRS-Complex Detection}, 
  year={2020},
  pages={950-954},
  links={[Publisher](https://ieeexplore.ieee.org/document/9443307), [Abstract](https://www2.securecms.com/Asilomar2020/Papers/ViewPapers.asp?PaperNum=1323),  [Preprint](https://arxiv.org/abs/2004.13558)},
  doi={10.1109/IEEECONF51394.2020.9443307}}

@INPROCEEDINGS{Fotoohinasab2020segmentationEMBC,
  author={Fotoohinasab, Atiyeh and Hocking, Toby and Afghah, Fatemeh},
  booktitle={2020 42nd Annual International Conference of the IEEE Engineering in Medicine Biology Society (EMBC)}, 
  title={A Graph-constrained Changepoint Detection Approach for ECG Segmentation}, 
  year={2020},
  pages={332-336},
  links={[Publisher](https://ieeexplore.ieee.org/document/9175333)},
  doi={10.1109/EMBC44109.2020.9175333}}

@article{Sievert2019jcgs,
author = {Carson Sievert and Susan VanderPlas and Jun Cai and Kevin Ferris and Faizan Uddin Fahad Khan and Toby Dylan Hocking},
title = {Extending ggplot2 for Linked and Animated Web Graphics},
journal = {Journal of Computational and Graphical Statistics},
volume = {28},
number = {2},
pages = {299-308},
year  = {2019},
publisher = {Taylor & Francis},
links = {[Publisher](https://amstat.tandfonline.com/doi/full/10.1080/10618600.2018.1513367), [Manual](https://rcdata.nau.edu/genomic-ml/animint2-manual/Ch02-ggplot2.html), [Software](https://github.com/tdhock/animint), [Reproducible](https://github.com/tdhock/animint-paper), [Interactive Figures](https://rcdata.nau.edu/genomic-ml/public_html/animint-paper-figures/)}
}

@Article{Shimada2016leukemia,
   Author="Shimada, K.  and Shimada, S.  and Sugimoto, K.  and Nakatochi, M.  and Suguro, M.  and Hirakawa, A.  and Hocking, T. D.  and Takeuchi, I.  and Tokunaga, T.  and Takagi, Y.  and Sakamoto, A.  and Aoki, T.  and Naoe, T.  and Nakamura, S.  and Hayakawa, F.  and Seto, M.  and Tomita, A.  and Kiyoi, H. ",
   Title="{{D}evelopment and analysis of patient-derived xenograft mouse models in intravascular large {B}-cell lymphoma}",
   Journal="Leukemia",
   Year="2016",
   Volume="30",
   Number="7",
   links={[Pubmed](https://www.ncbi.nlm.nih.gov/pubmed/27001523)},
   Pages="1568--1579",
   Month="07"
}

